%% This BibTeX bibliography file was created using BibDesk.
%% http://bibdesk.sourceforge.net/
% Encoding: UTF-8

% @misc{provaBibliografia,
%   author = {Simone},
%   title = {provaBibliografia},
%   year = {2024},
%   url = {https://media.istockphoto.com/id/1361394182/photo/funny-british-shorthair-cat-portrait-looking-shocked-or-surprised.jpg?s=612x612&w=0&k=20&c=6yvVxdufrNvkmc50nCLCd8OFGhoJd6vPTNotl90L-vo=}
% }
